<record><leader>00000cas a2200000 a 4500</leader><controlfield tag="001">9777254</controlfield><controlfield tag="008">830804d18311833nyuwr ne      0    0eng c</controlfield><datafield ind1=" " ind2=" " tag="010"><subfield code="a">sn 83031100 </subfield></datafield><datafield ind1=" " ind2=" " tag="040"><subfield code="a">NPU</subfield><subfield code="b">eng</subfield><subfield code="c">NPU</subfield><subfield code="d">DLC</subfield><subfield code="d">NPX</subfield><subfield code="d">NYS</subfield><subfield code="d">OCL</subfield><subfield code="d">NYS</subfield><subfield code="d">OCLCQ</subfield><subfield code="d">OCLCF</subfield><subfield code="d">OCLCO</subfield></datafield><datafield ind1="1" ind2=" " tag="029"><subfield code="a">AU@</subfield><subfield code="b">000020127298</subfield></datafield><datafield ind1=" " ind2=" " tag="042"><subfield code="a">pcc</subfield></datafield><datafield ind1=" " ind2=" " tag="043"><subfield code="a">n-us-ny</subfield></datafield><datafield ind1="0" ind2=" " tag="130"><subfield code="a">Inquirer (Hempstead, N.Y.)</subfield></datafield><datafield ind1="1" ind2="4" tag="245"><subfield code="a">The inquirer.</subfield></datafield><datafield ind1="1" ind2=" " tag="246"><subfield code="i">Published as:</subfield><subfield code="a">Enquirer</subfield><subfield code="f">Feb. 7-May 2, 1833</subfield></datafield><datafield ind1=" " ind2=" " tag="260"><subfield code="a">Hempstead, N.Y. :</subfield><subfield code="b">William Hutchinson,</subfield><subfield code="c">1831-1833.</subfield></datafield><datafield ind1=" " ind2=" " tag="300"><subfield code="a">3 v. ;</subfield><subfield code="c">50 cm.</subfield></datafield><datafield ind1=" " ind2=" " tag="310"><subfield code="a">Weekly</subfield></datafield><datafield ind1="0" ind2=" " tag="362"><subfield code="a">Vol. 1, no. 1 (Feb. 11, 1831)-v. 3, no. 13 (May 2, 1833).</subfield></datafield><datafield ind1=" " ind2=" " tag="500"><subfield code="a">Publisher: James G. Watts, 1833.</subfield></datafield><datafield ind1=" " ind2="0" tag="651"><subfield code="a">Hempstead (N.Y.)</subfield><subfield code="v">Newspapers.</subfield></datafield><datafield ind1=" " ind2="0" tag="651"><subfield code="a">Nassau County (N.Y.)</subfield><subfield code="v">Newspapers.</subfield></datafield><datafield ind1=" " ind2="0" tag="651"><subfield code="a">Queens County (N.Y.)</subfield><subfield code="v">Newspapers.</subfield></datafield><datafield ind1=" " ind2="7" tag="655"><subfield code="a">Newspapers.</subfield><subfield code="2">fast</subfield><subfield code="0">(OCoLC)fst01423814</subfield></datafield><datafield ind1=" " ind2="7" tag="651"><subfield code="a">New York (State)</subfield><subfield code="z">Hempstead.</subfield><subfield code="2">fast</subfield><subfield code="0">(OCoLC)fst01207201</subfield></datafield><datafield ind1=" " ind2="7" tag="651"><subfield code="a">New York (State)</subfield><subfield code="z">Nassau County.</subfield><subfield code="2">fast</subfield><subfield code="0">(OCoLC)fst01205518</subfield></datafield><datafield ind1=" " ind2="7" tag="651"><subfield code="a">New York (State)</subfield><subfield code="z">Queens County.</subfield><subfield code="2">fast</subfield><subfield code="0">(OCoLC)fst01246810</subfield></datafield><datafield ind1=" " ind2=" " tag="752"><subfield code="a">United States</subfield><subfield code="b">New York</subfield><subfield code="c">Nassau</subfield><subfield code="d">Hempstead.</subfield></datafield><datafield ind1="0" ind2="0" tag="780"><subfield code="t">Long Island telegraph and friend of education</subfield><subfield code="w">(DLC)sn 83031093</subfield><subfield code="w">(OCoLC)9773426</subfield></datafield><datafield ind1="0" ind2="0" tag="785"><subfield code="t">Hempstead enquirer and Long Island advertiser</subfield><subfield code="w">(DLC)sn 83031103</subfield><subfield code="w">(OCoLC)9777315</subfield></datafield></record>